<record><leader>00000cas a2200000 a 4500</leader><controlfield tag="001">16770173</controlfield><controlfield tag="008">870928d19571973iludn ne      0   a0eng  </controlfield><datafield ind1=" " ind2=" " tag="010"><subfield code="a">sn 87062368 </subfield></datafield><datafield ind1=" " ind2=" " tag="040"><subfield code="a">DLC</subfield><subfield code="b">eng</subfield><subfield code="c">DLC</subfield><subfield code="d">NVF</subfield><subfield code="d">OCLCQ</subfield><subfield code="d">NVF</subfield><subfield code="d">OCLCQ</subfield><subfield code="d">OCLCO</subfield><subfield code="d">OCLCF</subfield><subfield code="d">NVF</subfield></datafield><datafield ind1=" " ind2=" " tag="037"><subfield code="b">217 W. Campbell, P.O. Box 280, Arlington Heights, IL 60006</subfield></datafield><datafield ind1=" " ind2=" " tag="042"><subfield code="a">pcc</subfield></datafield><datafield ind1=" " ind2=" " tag="043"><subfield code="a">n-us-il</subfield></datafield><datafield ind1="0" ind2="0" tag="050"><subfield code="a">Newspaper</subfield></datafield><datafield ind1="0" ind2="0" tag="245"><subfield code="a">Rolling Meadows herald.</subfield></datafield><datafield ind1=" " ind2=" " tag="260"><subfield code="a">Arlington Heights, Ill. :</subfield><subfield code="b">Paddock Publications,</subfield><subfield code="c">1957-1973.</subfield></datafield><datafield ind1="3" ind2=" " tag="260"><subfield code="3">Feb. 20, 1958-Mar. 30, 1973</subfield><subfield code="a">Rolling Meadows, Ill.</subfield></datafield><datafield ind1=" " ind2=" " tag="300"><subfield code="a">volumes</subfield></datafield><datafield ind1=" " ind2=" " tag="310"><subfield code="a">Daily (except Saturday and Sunday),</subfield><subfield code="b">Mar. 17, 1969-Mar. 30, 1973</subfield></datafield><datafield ind1=" " ind2=" " tag="321"><subfield code="a">Weekly,</subfield><subfield code="b">Jan. 10, 1957-Feb. 24, 1967</subfield></datafield><datafield ind1=" " ind2=" " tag="321"><subfield code="a">Triweekly,</subfield><subfield code="b">Mar. 1, 1967-Mar. 14, 1969</subfield></datafield><datafield ind1="0" ind2=" " tag="362"><subfield code="a">Vol. 30, no. 21 (Jan. 10, 1957)-30th year, [no.] 45 (June 27, 1957) ; 2nd year, [no.] 20 (July 4, 1957)-18th year, [no.] 47 (Mar. 30, 1973).</subfield></datafield><datafield ind1=" " ind2="0" tag="651"><subfield code="a">Rolling Meadows (Ill.)</subfield><subfield code="v">Newspapers.</subfield></datafield><datafield ind1=" " ind2="7" tag="651"><subfield code="a">Illinois</subfield><subfield code="z">Rolling Meadows.</subfield><subfield code="2">fast</subfield><subfield code="0">(OCoLC)fst01205489</subfield></datafield><datafield ind1=" " ind2="7" tag="655"><subfield code="a">Newspapers.</subfield><subfield code="2">fast</subfield><subfield code="0">(OCoLC)fst01423814</subfield></datafield><datafield ind1=" " ind2=" " tag="752"><subfield code="a">United States</subfield><subfield code="b">Illinois</subfield><subfield code="c">Cook County</subfield><subfield code="d">Rolling Meadows.</subfield></datafield><datafield ind1=" " ind2=" " tag="752"><subfield code="a">United States</subfield><subfield code="b">Illinois</subfield><subfield code="c">Cook County</subfield><subfield code="d">Arlington Heights.</subfield></datafield><datafield ind1="0" ind2="0" tag="780"><subfield code="t">Arlington Heights herald (Arlington Heights, Ill. : Rolling Meadows ed.)</subfield><subfield code="w">(DLC)sn 94054540</subfield><subfield code="w">(OCoLC)30835864</subfield></datafield><datafield ind1="0" ind2="0" tag="785"><subfield code="t">Herald (Arlington Heights, Ill. : Rolling Meadows ed.)</subfield><subfield code="w">(DLC)sn 94054530</subfield><subfield code="w">(OCoLC)30837069</subfield></datafield><datafield ind1="1" ind2=" " tag="029"><subfield code="a">AU@</subfield><subfield code="b">000025786479</subfield></datafield></record>